<?xml version="1.0" encoding="UTF-8"?><record xmlns="http://www.loc.gov/MARC21/slim" xmlns:cinclude="http://apache.org/cocoon/include/1.0" xmlns:zs="http://www.loc.gov/zing/srw/">
  <leader>00502cz  a2200145n  4500</leader>
  <controlfield tag="001">n  88033134 </controlfield>
  <controlfield tag="003">DLC</controlfield>
  <controlfield tag="005">19930903155503.5</controlfield>
  <controlfield tag="008">880115n| acannaab|          |n aaa |||  </controlfield>
  <datafield tag="010" ind1=" " ind2=" ">
    <subfield code="a">n  88033134 </subfield>
  </datafield>
  <datafield tag="040" ind1=" " ind2=" ">
    <subfield code="a">DLC</subfield>
    <subfield code="c">DLC</subfield>
    <subfield code="d">DLC</subfield>
  </datafield>
  <datafield tag="100" ind1="1" ind2="0">
    <subfield code="a">Turki, Fawaz,</subfield>
    <subfield code="d">1940-</subfield>
  </datafield>
  <datafield tag="670" ind1=" " ind2=" ">
    <subfield code="a">His Soul in exile, 1988:</subfield>
    <subfield code="b">CIP t.p. (Fawaz Turki) pub. info. (poet and essayist)</subfield>
  </datafield>
  <datafield tag="670" ind1=" " ind2=" ">
    <subfield code="a">LC data base, 1-5-88</subfield>
    <subfield code="b">(hdg.: Turki, Fawaz, 1940-)</subfield>
  </datafield>
  <datafield tag="670" ind1=" " ind2=" ">
    <subfield code="a">Exile's return, 1993:</subfield>
    <subfield code="b">CIP t.p. (Fawaz Turki) CIP galley (b. Haifa, Palestine)</subfield>
  </datafield>
</record>